@misc{2025_meti,
  title = {{2050年脱炭素社会実現に向けたシナリオに関する一分析}},
  howpublished = {\url{https://www.enecho.meti.go.jp/committee/council/basic_policy_subcommittee/2021/044/044_005.pdf}},
  note = {Accessed: 2022-11-17}
}

@misc{basis,
  title = {{□□□□□□□□□□□□□□}},
  howpublished = {\url{https://example.com/}},
  note = {Accessed: 2022-11-17}
}

@misc{taekwondo,
  title = {{□□□□□□□□□□□□□□}},
  howpublished = {\url{https://example.com/}},
  note = {Accessed: 2022-11-17}
}
